@article{CHAKRAVARTHY_OSHER_1982, 
    title={Numerical experiments with the osher upwind scheme for the Euler equations}, 
    DOI={10.2514/6.1982-975}, 
    journal={3rd Joint Thermophysics, Fluids, Plasma and Heat Transfer Conference}, author={CHAKRAVARTHY, S. and OSHER, S.}, 
    year={1982}
} 

@article{Engquist_Osher_1980, title={Stable and entropy satisfying approximations for transonic flow calculations}, volume={34}, DOI={10.1090/s0025-5718-1980-0551290-1}, number={149}, journal={Mathematics of Computation}, author={Engquist, Björn and Osher, Stanley}, year={1980}, pages={45–75}} 

@article{Harten_Hyman_Lax_Keyfitz_1976, DOI={10.2172/7365921}, journal={Finite-difference approximations and entropy conditions for shocks}, author={Harten, A and Hyman, J M and Lax, P D and Keyfitz, B}, year={1976}} 

@article{Lax_1954, title={Weak solutions of nonlinear hyperbolic equations and their numerical computation}, volume={7}, DOI={10.1002/cpa.3160070112}, number={1}, journal={Communications on Pure and Applied Mathematics}, author={Lax, Peter D.}, year={1954}, pages={159–193}} 

@article{LAX_1971, title={Shock waves and entropy}, DOI={10.1016/b978-0-12-775850-3.50018-2}, journal={Contributions to Nonlinear Functional Analysis}, author={LAX, PETER}, year={1971}, pages={603–634}} 

@article{Lax_1973, title={1. hyperbolic systems of conservation laws and the mathematical theory of shock waves}, DOI={10.1137/1.9781611970562.ch1}, journal={Hyperbolic Systems of Conservation Laws and the Mathematical Theory of Shock Waves}, author={Lax, Peter D.}, year={1973}, pages={1–48}} 

@article{Lax_Wendroff_1958, DOI={10.2172/4244712}, journal={Systems of conservation laws}, author={Lax, P. and Wendroff, B.}, year={1958}} 

@article{Oleĭnik_1963, title={Discontinuous solutions of non-linear differential equations}, DOI={10.1090/trans2/026/05}, journal={Seventeen Papers on Analysis}, author={Oleĭnik, O. A.}, year={1963}, pages={95–172}} 

@article{Osher_Solomon_1982, title={Upwind difference schemes for hyperbolic systems of conservation laws}, volume={38}, DOI={10.1090/s0025-5718-1982-0645656-0}, number={158}, journal={Mathematics of Computation}, author={Osher, Stanley and Solomon, Fred}, year={1982}, pages={339–374}} 

@article{Roe_1981, title={Approximate Riemann solvers, parameter vectors, and difference schemes}, volume={43}, DOI={10.1016/0021-9991(81)90128-5}, number={2}, journal={Journal of Computational Physics}, author={Roe, P.L}, year={1981}, pages={357–372}} 

@article{Roe_1989, title={The use of the Riemann problem in finite difference schemes}, DOI={10.1007/3-540-10694-4_54}, journal={Seventh International Conference on Numerical Methods in Fluid Dynamics}, author={Roe, P. L.}, year={1989}, pages={354–359}} 

@article{Tadmor_1987, title={The numerical viscosity of entropy stable schemes for systems of conservation laws. I}, volume={49}, DOI={10.1090/s0025-5718-1987-0890255-3}, number={179}, journal={Mathematics of Computation}, author={Tadmor, Eitan}, year={1987}, pages={91–103}} 

@article{Van Leer_1997, title={On the relation between the upwind-differencing schemes of Godunov, engquist—Osher and Roe}, DOI={10.1007/978-3-642-60543-7_3}, journal={Upwind and High-Resolution Schemes}, author={Van Leer, Bram}, year={1997}, pages={33–52}} 

@article{Zha_1999, title={Comparative study of upwind scheme performance for entropy condition and discontinuities}, DOI={10.2514/6.1999-3348}, journal={14th Computational Fluid Dynamics Conference}, author={Zha, Ge-Cheng}, year={1999}} 